@ARTICLE{Lichtsteiner2008,
author={P. Lichtsteiner and C. Posch and T. Delbruck},
journal={IEEE Journal of Solid-State Circuits},
title={A 128 times; 128 120 dB 15 \(\mu\)s Latency Asynchronous Temporal Contrast Vision Sensor},
year={2008},
volume={43},
number={2},
pages={566-576},
keywords={CMOS image sensors;CMOS vision sensor;active continuous-time front-end logarithmic photoreceptor;address-event representation;bandwidth 3 kHz;chip power consumption;image sensor;latency asynchronous temporal contrast vision sensor;power 23 mW;self-timed switched-capacitor differencing circuit;silicon retina;size 0.35 mum;spike event;time 15 mus;Bandwidth;Delay;Dynamic range;Layout;Lighting;Reflectivity;Sensor arrays;Sensor phenomena and characterization;Streaming media;Timing;Address-event representation (AER);asynchronous vision sensor;high-speed imaging;image sensors;machine vision;neural network hardware;neuromorphic circuit;robot vision systems;visual system;wide dynamic range imaging},
doi={10.1109/JSSC.2007.914337},
ISSN={0018-9200},
month={Feb},}
